<?xml version="1.0" encoding="UTF-8"?><collection xmlns="http://www.loc.gov/MARC21/slim"><record><leader>00403nam--2200133-i-4500</leader><controlfield tag="001">000004576</controlfield><controlfield tag="002">20161230</controlfield><controlfield tag="005">20161230201026</controlfield><controlfield tag="008">060222s1000------------r-----000-0-eng-d</controlfield><datafield ind1=" " ind2=" " tag="100"><subfield code="a">Ageron Paul, Alami Richard</subfield></datafield><datafield ind1=" " ind2=" " tag="245"><subfield code="a">Evacuation et recuperation de la chaleur des reacteurs nucleaires</subfield></datafield><datafield ind1=" " ind2=" " tag="260"><subfield code="a">Paris, Dunod, 1958. Ix + 246 P. Cu Figuri</subfield></datafield><datafield ind1=" " ind2=" " tag="490"><subfield code="a">Introduction Au Genie Nucleaire,</subfield></datafield><datafield ind1=" " ind2=" " tag="852"><subfield code="a">13897</subfield></datafield></record></collection>